<?xml version="1.0" encoding="UTF-8"?><collection xmlns="http://www.loc.gov/MARC21/slim"><record><leader>00490nam--2200169-i-4500</leader><controlfield tag="001">000015456</controlfield><controlfield tag="002">20161230</controlfield><controlfield tag="005">20170306161922</controlfield><controlfield tag="008">060222s1000------------r-----000-0-eng-d</controlfield><datafield ind1=" " ind2=" " tag="020"><subfield code="a">9024729777</subfield></datafield><datafield ind1=" " ind2=" " tag="040"><subfield code="a">IFIN-HH</subfield></datafield><datafield ind1="1" ind2=" " tag="100"><subfield code="a">Booker, Henry G</subfield></datafield><datafield ind1="1" ind2="0" tag="245"><subfield code="a">Cold Plasma Waves</subfield><subfield code="c">Henry G. Booker</subfield></datafield><datafield ind1=" " ind2=" " tag="260"><subfield code="a">Dordrecht, Martinus Nijhoff Publishers, 1984</subfield></datafield><datafield ind1="0" ind2=" " tag="490"><subfield code="a">Developments in Electromagnetic Theory and Applications</subfield><subfield code="v">Vol.2</subfield></datafield><datafield ind1=" " ind2=" " tag="852"><subfield code="a">72659</subfield><subfield code="c">533.9</subfield></datafield><datafield ind1=" " ind2=" " tag="CAT"><subfield code="a">SYS</subfield><subfield code="c">20170306</subfield><subfield code="h">161922</subfield></datafield></record></collection>